@inproceedings{xiazamirhe2018gibsonenv,
  title={Gibson {Env}: real-world perception for embodied agents},
  author={Xia, Fei and R. Zamir, Amir and He, Zhiyang and Sax, Alexander and Malik, Jitendra and Savarese, Silvio},
  booktitle={Computer Vision and Pattern Recognition (CVPR), 2018 IEEE Conference on},
  year={2018},
  organization={IEEE}
}

@Misc{jrebetez00,
  author =   {Julien Rebetez},
  title =    {Meshcut},
  howpublished = {\url{https://github.com/julienr/meshcut}},
  year=2018
}

@article{lavalle01,
author = {Steven M. Lavalle and James J. Kuffner, Jr.},
title = {Rapidly-Exploring Random Trees: Progress and Prospects},
}

@book{Russell:2009:AIM:1671238,
 author = {Russell, Stuart and Norvig, Peter},
 title = {Artificial Intelligence: A Modern Approach},
 year = {2009},
 isbn = {0136042597, 9780136042594},
 edition = {3rd},
 publisher = {Prentice Hall Press},
 address = {Upper Saddle River, NJ, USA},
} 

